%% This BibTeX bibliography file was created using BibDesk.
%% http://bibdesk.sourceforge.net/


%% Created for Kexin Rong at 2014-06-08 00:49:53 -0700 


%% Saved with string encoding Unicode (UTF-8) 



@inproceedings{Kumar:2008:AKE:1410140.1410180,
 author = {Kumar, Niraj and Srinathan, Kannan},
 title = {Automatic Keyphrase Extraction from Scientific Documents Using N-gram Filtration Technique},
 booktitle = {Proceedings of the Eighth ACM Symposium on Document Engineering},
 series = {DocEng '08},
 year = {2008},
 isbn = {978-1-60558-081-4},
 location = {Sao Paulo, Brazil},
 pages = {199--208},
 numpages = {10},
 doi = {10.1145/1410140.1410180},
 acmid = {1410180},
 publisher = {ACM},
 address = {New York, NY, USA},
 keywords = {information extraction, information retrieval, keyphrase extraction, scientific domain},
} 

@online{Nylen:2014:Online,
	Author = {Nylen, James},
	Howpublished = {\url{https://github.com/nylen/d3-process-map}},
	Title = {d3 process map},
	Year = {2014}}
	
@online{expii,
	Author = {Expii Inc.},
	Howpublished = {\url{https://www.expii.com/}},
	Title = {expii},
	Year = {2014}}


@online{Bostock:2014:Online,
	Author = {Bostock, Mike},
	Howpublished = {\url{http://d3js.org}},
	Title = {d3.js},
	Year = {2014}}

@online{UI:2014:Online,
	Author = {AngularUI Team},
	Howpublished = {\url{http://angular-ui.github.io/bootstrap/}},
	Title = {UI Bootstrap},
	Year = {2014}}

@online{MathJax,
	Author = {WordPress},
	Howpublished = {\url{http://www.mathjax.org/}},
	Title = {MathJax},
	Year = {2011}}
